@article{chinesta2010recent,
  title={Recent advances and new challenges in the use of the proper generalized decomposition for solving multidimensional models},
  author={Chinesta, Francisco and Ammar, Amine and Cueto, El{\'\i}as},
  journal={Archives of Computational methods in Engineering},
  volume={17},
  number={4},
  pages={327--350},
  year={2010},
  publisher={Springer}
}

@inproceedings{garcia2016reduced,
  title={A reduced order modeling approach for optimal allocation of distributed generation in power distribution systems},
  author={Garc{\'\i}a-Blanco, Raquel and D{\'\i}ez, Pedro and Borzacchiello, Domenico and Chinesta, Francisco},
  booktitle={2016 IEEE International Energy Conference (ENERGYCON)},
  pages={1--6},
  year={2016},
  organization={IEEE}
}

