@book{krarti2020energy,
  title={Energy audit of building systems: an engineering approach},
  author={Krarti, Moncef},
  year={2020},
  publisher={CRC press}
}

@online{casa1,
  author = {Internet Archive},
  title = {Casa de la Seda},
  year = 2011,
  url = {https://web.archive.org/web/20110902093414/http://www.casadelaseda.com/Casadelaseda_-_lacasa.html},
  urldate = {2021-03-16}
}

@inproceedings{neuhaus2007conservation,
  title={Conservation heating for a museum environment in a monumental building},
  author={Neuhaus, Edgar and Schellen, Henk L},
  booktitle={Proceedings of the 10th Conference on the thermal performance of the exterior envelopes of whole buildings},
  pages={02--07},
  year={2007}
}

@book{thomson2013museum,
  title={The museum environment},
  author={Thomson, Garry},
  year={2013},
  publisher={Elsevier}
}

@article{sunyer1996air,
  title={Air pollution and mortality in Barcelona.},
  author={Sunyer, Jordi and Castellsagu{\'e}, Jordi and S{\'a}ez, Marc and Tobias, Aurelio and Ant{\'o}, Josep M},
  journal={Journal of Epidemiology \& Community Health},
  volume={50},
  number={Suppl 1},
  pages={s76--s80},
  year={1996},
  publisher={BMJ Publishing Group Ltd}
}

@article{gibergans2020quality,
  title={The quality of urban air in Barcelona: a new approach applying compositional data analysis methods},
  author={Gibergans B{\`a}guena, Jos{\'e} and Hervada Sala, Carme and Jarauta Bragulat, Eusebio},
  journal={Emerging Science Journal},
  volume={4},
  number={2},
  pages={113--121},
  year={2020},
  publisher={Ital Publication}
}

@online{saunier,
  author = {Saunier Duval},
  title = {Calderas de Condensación},
  year = 2018,
  url = {https://www.saunierduval.es/downloads/catlogo-condensacion-sd-496926.pdf},
  urldate = {2021-03-17}
}

@techreport{neuhaus2004hunting,
  title={Hunting lodge St. Hubertus of Hoenderloo, analysis of the indoor climate, Eindhoven University of Technology, Unit BPS, 04.94},
  author={Neuhaus, E and Schellen, HL},
  year={2004},
  institution={K (internal report in Dutch)}
}

@online{mitsubishi1,
  author = {Mitsubishi},
  title = {Heat Pump Catalogue},
  year = 2020,
  url = {https://www.mitsubishi-electric.co.nz/materials/aircon/brochures/@HeatPumpRange.pdf},
  urldate = {2021-03-18}
}

@online{daikin,
  author = {OceanAir},
  title = {Daikin FXAQ-P Wall Mounted for VRV 1.5kW - 6.0kW},
  year = 2020,
  url = {https://www.oceanairuk.com/product/daikin-vrv-fan-coil-wall-mounted-fxaq-p/},
  urldate = {2021-03-18}
}

@techreport{cook1989passive,
  title={Passive cooling},
  author={Cook, Jeffrey},
  year={1989},
  institution={Arizona State Univ., Tempe, AZ (USA)}
}

@book{santamouris2012advances,
  title={Advances in passive cooling},
  author={Santamouris, Mat},
  year={2012},
  publisher={Routledge}
}

@misc{borao,
  author       = {Borao, Andrés},
  title        = {Visiting tour guide},
  howpublished = {Personal communication},
  year         = {2021}
}

@inproceedings{rodrigues2011experimental,
  title={An experimental comparison between different technologies arising for public lighting: LED luminaires replacing high pressure sodium lamps},
  author={Rodrigues, Cl{\'a}udio RBS and Almeida, Pedro S and Soares, Guilherme M and Jorge, Jo{\~a}o M and Pinto, Danilo P and Braga, Henrique AC},
  booktitle={2011 IEEE International Symposium on Industrial Electronics},
  pages={141--146},
  year={2011},
  organization={IEEE}
}

@article{djuretic2018actual,
  title={Actual energy savings when replacing high-pressure sodium with LED luminaires in street lighting},
  author={Djuretic, Andrej and Kostic, Miomir},
  journal={Energy},
  volume={157},
  pages={367--378},
  year={2018},
  publisher={Elsevier}
}

@misc{hurlbert2020new,
  title={New museum lighting for people and paintings},
  author={Hurlbert, Anya and Cuttle, Christopher},
  year={2020},
  publisher={Taylor \& Francis}
}

@misc{nte,
  title={Orden por la que se aprueba la norma tecnológica de la edificación NTE-ITA/1973 "instalaciones de transportes ascensores"},
  author={{Gobierno de España}},
  year={1973},
  publisher={Agencia Estatal Boletín Oficial del Estado}
}

@misc{rebt,
  title={Real Decreto 842/2002, de 2 de agosto, por el que se aprueba el Reglamento electrotécnico para baja tensión},
  author={{Gobierno de España}},
  year={2002},
  publisher={Agencia Estatal Boletín Oficial del Estado}
}
 
@online{garrido,
  author = {{Generalitat de Catalunya}},
  title = {Casa del Gremi de Velers},
  year = 2021,
  url = {http://invarquit.cultura.gencat.cat/Cerca/Fitxa?index=0&consulta=&codi=52},
  urldate = {2021-03-19}
}

@book{cirici,
  author         = {Cirici i Pellicer, Alexandre},
  title          = {Barcelona pam a pam},
  publisher      = {Teide},
  year           = {1985}
}

@online{film,
  author = {{Barcelona Film Commission}},
  title = {La Casa de la Seda},
  year = 2019,
  url = {https://www.bcncatfilmcommission.com/es/location/la-casa-de-la-seda},
  urldate = {2021-03-19}
}

@online{casa2,
  author = {{Casa de la Seda}},
  title = {Descubre un lugar único en Barcelona},
  year = 2021,
  url = {https://www.casadelaseda.com/es/},
  urldate = {2021-03-19}
}

@online{igcc,
  author = {{Institut Cartogràfic i Geològic de Catalunya}},
  title = {Visor de descàrregues},
  year = 2021,
  url = {http://www.icc.cat/appdownloads/},
  urldate = {2021-03-20}
}

@article{nakamoto2008re,
  title={Re: Bitcoin P2P e-cash paper},
  author={Nakamoto, Satoshi},
  journal={The Cryptography Mailing List},
  year={2008}
}

@article{nofer2017blockchain,
  title={Blockchain},
  author={Nofer, Michael and Gomber, Peter and Hinz, Oliver and Schiereck, Dirk},
  journal={Business \& Information Systems Engineering},
  volume={59},
  number={3},
  pages={183--187},
  year={2017},
  publisher={Springer}
}

@article{gupta2017blockchain,
  title={Blockchain},
  author={Gupta, Sourav Sen},
  journal={IBM Onlone (http://www. IBM. COM)},
  year={2017}
}

@article{di2017blockchain,
  title={What is the blockchain?},
  author={Di Pierro, Massimo},
  journal={Computing in Science \& Engineering},
  volume={19},
  number={5},
  pages={92--95},
  year={2017},
  publisher={IEEE}
}

@inproceedings{sankar2017survey,
  title={Survey of consensus protocols on blockchain applications},
  author={Sankar, Lakshmi Siva and Sindhu, M and Sethumadhavan, M},
  booktitle={2017 4th International Conference on Advanced Computing and Communication Systems (ICACCS)},
  pages={1--5},
  year={2017},
  organization={IEEE}
}

@article{miller2014anonymous,
  title={Anonymous byzantine consensus from moderately-hard puzzles: A model for bitcoin},
  author={Miller, Andrew and LaViola Jr, Joseph J},
  journal={University of Central Florida Tech. Report CS-TR-14-01 (accessed 5 June 2019) https://socrates1024. s3. amazonaws. com/consensus. pdf},
  year={2014}
}

@article{zheng2018blockchain,
  title={Blockchain challenges and opportunities: A survey},
  author={Zheng, Zibin and Xie, Shaoan and Dai, Hong-Ning and Chen, Xiangping and Wang, Huaimin},
  journal={International Journal of Web and Grid Services},
  volume={14},
  number={4},
  pages={352--375},
  year={2018},
  publisher={Inderscience Publishers (IEL)}
}

@misc{ethereum_market,
  title = {Today's Cryptocurrency Prices by Market Cap},
  howpublished = {\url{https://coinmarketcap.com/}},
  note = {Accessed: 2021-04-19}
}

@article{lessig2000code,
  title={Code is law},
  author={Lessig, Lawrence},
  journal={Harvard magazine},
  volume={1},
  number={2000},
  year={2000}
}

@article{christidis2016blockchains,
  title={Blockchains and smart contracts for the internet of things},
  author={Christidis, Konstantinos and Devetsikiotis, Michael},
  journal={Ieee Access},
  volume={4},
  pages={2292--2303},
  year={2016},
  publisher={Ieee}
}

@article{szabo1994smart,
  title={Smart contracts},
  author={Szabo, Nick},
  journal={Unpublished manuscript},
  year={1994}
}

@misc{matic_web,
  title = {Matic. Scalable and instant blockchain transactions},
  howpublished = {\url{https://matic.network/}},
  note = {Accessed: 2021-04-19}
}

@misc{eth2,
  title = {The ETH2 upgrades. Upgrading Ethereum to radical new heights.},
  howpublished = {\url{https://ethereum.org/en/eth2/}},
  note = {Accessed: 2021-04-19}
}

@article{saleh2021blockchain,
  title={Blockchain without waste: Proof-of-stake},
  author={Saleh, Fahad},
  journal={The Review of financial studies},
  volume={34},
  number={3},
  pages={1156--1190},
  year={2021},
  publisher={Oxford University Press}
}

@inproceedings{gavzi2019proof,
  title={Proof-of-stake sidechains},
  author={Ga{\v{z}}i, Peter and Kiayias, Aggelos and Zindros, Dionysis},
  booktitle={2019 IEEE Symposium on Security and Privacy (SP)},
  pages={139--156},
  year={2019},
  organization={IEEE}
}

@article{burger2016blockchain,
  title={Blockchain in the energy transition. A survey among decision-makers in the German energy industry},
  author={Burger, Christoph and Kuhlmann, Andreas and Richard, Philipp and Weinmann, Jens},
  journal={DENA German Energy Agency},
  volume={60},
  year={2016}
}

@article{khan2019blockchain,
  title={Blockchain-Based Peer-to-Peer Energy Trading using IoT devices},
  author={Khan, Komal and others},
  year={2019}
}

@inproceedings{el2020real,
  title={A Real Pilot-Platform Implementation for Blockchain-Based Peer-to-Peer Energy Trading},
  author={El-Sayed, Islam and Khan, Komal and Dominguez, Xavier and Arboleya, Pablo},
  booktitle={2020 IEEE Power \& Energy Society General Meeting (PESGM)},
  pages={1--5},
  year={2020},
  organization={IEEE}
}

@article{brilliantova2019blockchain,
  title={Blockchain and the future of energy},
  author={Brilliantova, Vlada and Thurner, Thomas Wolfgang},
  journal={Technology in Society},
  volume={57},
  pages={38--45},
  year={2019},
  publisher={Elsevier}
}

@article{kang2017enabling,
  title={Enabling localized peer-to-peer electricity trading among plug-in hybrid electric vehicles using consortium blockchains},
  author={Kang, Jiawen and Yu, Rong and Huang, Xumin and Maharjan, Sabita and Zhang, Yan and Hossain, Ekram},
  journal={IEEE Transactions on Industrial Informatics},
  volume={13},
  number={6},
  pages={3154--3164},
  year={2017},
  publisher={IEEE}
}

@inproceedings{pipattanasomporn2018blockchain,
  title={A blockchain-based platform for exchange of solar energy: Laboratory-scale implementation},
  author={Pipattanasomporn, Manisa and Kuzlu, Murat and Rahman, Saifur},
  booktitle={2018 International Conference and Utility Exhibition on Green Energy for Sustainable Development (ICUE)},
  pages={1--9},
  year={2018},
  organization={IEEE}
}

@techreport{faugueras2019state,
     title = {State of the art report smart contract and blockchain},
     author = {Alex Faugeras},
     group = {Greenflex},
     year = {2019},
     institution = {Interreg, North-West Europe D2Grids},
}

@inproceedings{vangulick2018blockchain,
  title={Blockchain for peer-to-peer energy exchanges: design and recommendations},
  author={Vangulick, David and Corn{\'e}lusse, Bertrand and Ernst, Damien},
  booktitle={2018 Power Systems Computation Conference (PSCC)},
  pages={1--7},
  year={2018},
  organization={IEEE}
}

@article{wang2019energy,
  title={Energy crowdsourcing and peer-to-peer energy trading in blockchain-enabled smart grids},
  author={Wang, Shen and Taha, Ahmad F and Wang, Jianhui and Kvaternik, Karla and Hahn, Adam},
  journal={IEEE Transactions on Systems, Man, and Cybernetics: Systems},
  volume={49},
  number={8},
  pages={1612--1623},
  year={2019},
  publisher={IEEE}
}

@article{thakur2018peer,
  title={Peer to peer energy trade among microgrids using blockchain based distributed coalition formation method},
  author={Thakur, Subhasis and Breslin, John G},
  journal={Technology and Economics of Smart Grids and Sustainable Energy},
  volume={3},
  number={1},
  pages={1--17},
  year={2018},
  publisher={Springer}
}

@article{verma2018enerport,
  title={EnerPort: Irish Blockchain project for peer-to-peer energy trading},
  author={Verma, Piyush and O’Regan, Brian and Hayes, Barry and Thakur, Subhasis and Breslin, John G},
  journal={Energy Informatics},
  volume={1},
  number={1},
  pages={1--9},
  year={2018},
  publisher={Springer}
}

@misc{neos,
  title = {Electricity and Power. The Optimal Power Flow (OPF).},
  howpublished = {\url{https://neos-guide.org/content/optimal-power-flow}},
  note = {Accessed: 2021-04-22}
}

@incollection{ebeed2018optimal,
  title={Optimal power flow using recent optimization techniques},
  author={Ebeed, Mohamed and Kamel, Salah and Jurado, Francisco},
  booktitle={Classical and recent aspects of power system optimization},
  pages={157--183},
  year={2018},
  publisher={Elsevier}
}

@article{carpentier1962contribution,
  title={Contribution a l’etude du dispatching economique},
  author={Carpentier, J},
  journal={Bulletin de la Societe Francaise des Electriciens},
  volume={3},
  number={1},
  pages={431--447},
  year={1962}
}

@article{frank2012optimal,
  title={Optimal power flow: a bibliographic survey II},
  author={Frank, Stephen and Steponavice, Ingrida and Rebennack, Steffen},
  journal={Energy systems},
  volume={3},
  number={3},
  pages={259--289},
  year={2012},
  publisher={Springer}
}

@article{momoh1999improved,
  title={Improved interior point method for OPF problems},
  author={Momoh, James A and Zhu, JZ},
  journal={IEEE Transactions on Power Systems},
  volume={14},
  number={3},
  pages={1114--1120},
  year={1999},
  publisher={IEEE}
}

@inproceedings{qiu2009literature,
  title={A literature survey of optimal power flow problems in the electricity market context},
  author={Qiu, Zhifeng and Deconinck, Geert and Belmans, Ronnie},
  booktitle={2009 IEEE/PES Power Systems Conference and Exposition},
  pages={1--6},
  year={2009},
  organization={IEEE}
}

@article{frank2012optimal,
  title={Optimal power flow: a bibliographic survey II},
  author={Frank, Stephen and Steponavice, Ingrida and Rebennack, Steffen},
  journal={Energy systems},
  volume={3},
  number={3},
  pages={259--289},
  year={2012},
  publisher={Springer}
}

@article{khamees2016optimal,
  title={Optimal power flow methods: A comprehensive survey},
  author={Khamees, Amr Khaled and Badra, Niveen and Abdelaziz, Almoataz Y},
  journal={International Electrical Engineering Journal (IEEJ)},
  volume={7},
  number={4},
  pages={2228--2239},
  year={2016}
}

@article{alrashidi2008survey,
  title={A survey of particle swarm optimization applications in electric power systems},
  author={AlRashidi, Mohammed R and El-Hawary, Mohamed E},
  journal={IEEE transactions on evolutionary computation},
  volume={13},
  number={4},
  pages={913--918},
  year={2008},
  publisher={IEEE}
}

@book{chinesta2013proper,
  title={The proper generalized decomposition for advanced numerical simulations: a primer},
  author={Chinesta, Francisco and Keunings, Roland and Leygue, Adrien},
  year={2013},
  publisher={Springer Science \& Business Media}
}

@phdthesis{blanco2017efficient,
  title={Efficient solvers for power flow equations: parametric solutions with accuracy control assessment},
  author={Blanco, Raquel Garc{\'\i}a},
  year={2017},
  school={Universitat Polit{\`e}cnica de Catalunya (UPC)}
}

@misc{eth_gas,
  title = {Ethereum price. Ethereum Gas Charts.},
  howpublished = {\url{https://ethereumprice.org/gas/}},
  note = {Accessed: 2021-04-22}
}

@misc{eth_price,
  title = {Etherscan. Ethereum Gas Tracker.},
  howpublished = {\url{https://etherscan.io/gastracker}},
  note = {Accessed: 2021-04-22}
}

@misc{matic_expl,
  title = {Matic mainnet explorer.},
  howpublished = {\url{https://explorer-mainnet.maticvigil.com/}},
  note = {Accessed: 2021-04-22}
}

@misc{eth_price2,
  title = {YCharts. Ethereum Average Block Time.},
  howpublished = {\url{https://ycharts.com/indicators/ethereum_average_block_time}},
  note = {Accessed: 2021-04-22}
}

@article{chinesta2010recent,
  title={Recent advances and new challenges in the use of the proper generalized decomposition for solving multidimensional models},
  author={Chinesta, Francisco and Ammar, Amine and Cueto, Elías},
  journal={Archives of Computational methods in Engineering},
  volume={17},
  number={4},
  pages={327--350},
  year={2010},
  publisher={Springer}
}

@inproceedings{garcia2016reduced,
  title={A reduced order modeling approach for optimal allocation of distributed generation in power distribution systems},
  author={García-Blanco, Raquel and Díez, Pedro and Borzacchiello, Domenico and Chinesta, Francisco},
  booktitle={2016 IEEE International Energy Conference (ENERGYCON)},
  pages={1--6},
  year={2016},
  organization={IEEE}
}

@phdthesis{blanco2017efficient,
  title={Efficient solvers for power flow equations: parametric solutions with accuracy control assessment},
  author={Blanco, Raquel Garc{\'\i}a},
  year={2017},
  school={Universitat Polit{\`e}cnica de Catalunya (UPC)}
}

@article{black2005greedy,
  title={Greedy algorithm},
  author={Black, Paul E},
  journal={Dictionary of Algorithms and Data Structures},
  volume={2},
  pages={62},
  year={2005},
  publisher={US National Institute of Standards and Technology}
}

@inproceedings{he2009research,
  title={Research of matrix inversion acceleration method},
  author={He, Yingying and Song, Yukun and Du, Gaoming and Zhang, Duoli},
  booktitle={2009 International Conference on Computational Intelligence and Software Engineering},
  pages={1--4},
  year={2009},
  organization={IEEE}
}

@misc{ree_demand,
  title = {Península - Seguimiento de la demanda de energía eléctrica},
  howpublished = {\url{https://demanda.ree.es/visiona/peninsula/demanda/total}},
  note = {Accessed: 2021-04-25}
}

@article{onaiwu2009does,
  title={How does bilateral trading differ from electricity pooling},
  author={Onaiwu, Egheosa},
  journal={Universisty of Dundee},
  year={2009}
}

@article{chaves2015spanish,
  title={The Spanish intraday market design: A successful solution to balance renewable generation?},
  author={Chaves-{\'A}vila, Jos{\'e} Pablo and Fernandes, Camila},
  journal={Renewable Energy},
  volume={74},
  pages={422--432},
  year={2015},
  publisher={Elsevier}
}

@misc{ree_datahub,
  title = {Hacer posible la transición energética. Red Eléctrica y la integración de renovables},
  howpublished = {\url{https://www.ree.es/sites/default/files/11_PUBLICACIONES/Documentos/Transicion_Energetica.pdf}},
  note = {Accessed: 2021-04-30}
}

@article{aderibole2020blockchain,
  title={Blockchain technology for smart grids: Decentralized nist conceptual model},
  author={Aderibole, Adedayo and Aljarwan, Aamna and Rehman, Muhammad Habib Ur and Zeineldin, Hatem H and Mezher, Toufic and Salah, Khaled and Damiani, Ernesto and Svetinovic, Davor},
  journal={IEEE Access},
  volume={8},
  pages={43177--43190},
  year={2020},
  publisher={IEEE}
}

@article{alladi2019blockchain,
  title={Blockchain in smart grids: A review on different use cases},
  author={Alladi, Tejasvi and Chamola, Vinay and Rodrigues, Joel JPC and Kozlov, Sergei A},
  journal={Sensors},
  volume={19},
  number={22},
  pages={4862},
  year={2019},
  publisher={Multidisciplinary Digital Publishing Institute}
}

@article{musleh2019blockchain,
  title={Blockchain applications in smart grid--review and frameworks},
  author={Musleh, Ahmed S and Yao, Gang and Muyeen, SM},
  journal={Ieee Access},
  volume={7},
  pages={86746--86757},
  year={2019},
  publisher={IEEE}
}

@misc{power_ledger,
  title = {Power Ledger. The power behind new energy},
  howpublished = {\url{https://www.powerledger.io/}},
  note = {Accessed: 2021-04-30}
}

@misc{lightency,
  title = {Lightency. The sustainable African energy platform},
  howpublished = {\url{https://lightency.io/}},
  note = {Accessed: 2021-04-30}
}

@misc{electrify,
  title = {Electrify. Transactive, energy, sustainable future},
  howpublished = {\url{https://electrify.asia/}},
  note = {Accessed: 2021-04-30}
}

@misc{eth_berlin,
  title = {Ethereum Berlin Upgrade Announcement},
  howpublished = {\url{https://blog.ethereum.org/2021/03/08/ethereum-berlin-upgrade-announcement/}},
  note = {Accessed: 2021-05-02}
}

@misc{cimbal,
  title = {Caraterização do Baixo Alentejo},
  howpublished = {\url{https://cimbal.pt/pt/menu/598/caraterizacao-do-baixo-alentejo.aspx}},
  note = {Accessed: 2021-05-08}
}

@misc{wiki1,
  title = {Baixo Alentejo (intermunicipal community)},
  author = {Wikipedia},
  howpublished = {\url{https://en.wikipedia.org/wiki/Baixo_Alentejo_(intermunicipal_community)}},
  note = {Accessed: 2021-05-09}
}

@misc{entsoe,
  title = {ENTSO-E Transmission System Map},
  author = {ENTSO-E},
  howpublished = {\url{https://www.entsoe.eu/data/map/}},
  note = {Accessed: 2021-05-09}
}

@misc{edpr,
  title = {Annual report, 2018.},
  author = {EDP},
  howpublished = {\url{https://www.edp.com/sites/default/files/rc_2018_en_compress.pdf}},
  note = {Accessed: 2021-05-14}
}

@misc{edpp,
  title = {Portugal - Consumo de electricidad},
  author = {{Expansión}},
  howpublished = {\url{https://datosmacro.expansion.com/energia-y-medio-ambiente/electricidad-consumo/portugal}},
  note = {Accessed: 2021-05-14}
}



