
@INPROCEEDINGS{shen2020,
  author={Shen, Danfeng and Wu, Hao and Xia, Bingqing and Gan, Deqiang},
  booktitle={2020 12th IEEE PES Asia-Pacific Power and Energy Engineering Conference (APPEEC)}, 
  title={A Principal Component Analysis-Based Dimension Reduction Method for Parametric Power Flow}, 
  year={2020},
  volume={},
  number={},
  pages={1-5},
  doi={10.1109/APPEEC48164.2020.9220420}
}

@article{li2019,
  title={Probabilistic optimal power flow calculation method based on adaptive diffusion kernel density estimation},
  author={Li, Guoqing and Lu, Weihua and Bian, Jing and Qin, Fang and Wu, Ji},
  journal={Frontiers in Energy Research},
  volume={7},
  pages={128},
  year={2019},
  publisher={Frontiers}
}

@article{morales2010,
  title={Probabilistic power flow with correlated wind sources},
  author={Morales, Juan M and Baringo, Luis and Conejo, Antonio J and Mínguez, Roberto},
  journal={IET generation, transmission \& distribution},
  volume={4},
  number={5},
  pages={641--651},
  year={2010},
  publisher={IET}
}

@article{borkowska1974,
  title={Probabilistic load flow},
  author={Borkowska, Barbara},
  journal={IEEE Transactions on Power Apparatus and Systems},
  number={3},
  pages={752--759},
  year={1974},
  publisher={IEEE}
}

@article{fan2012,
  title={Probabilistic power flow studies for transmission systems with photovoltaic generation using cumulants},
  author={Fan, Miao and Vittal, Vijay and Heydt, Gerald Thomas and Ayyanar, Raja},
  journal={IEEE Transactions on Power Systems},
  volume={27},
  number={4},
  pages={2251--2261},
  year={2012},
  publisher={IEEE}
}

@article{li2012,
  title={Modeling of plug-in hybrid electric vehicle charging demand in probabilistic power flow calculations},
  author={Li, Gan and Zhang, Xiao-Ping},
  journal={IEEE Transactions on Smart Grid},
  volume={3},
  number={1},
  pages={492--499},
  year={2012},
  publisher={IEEE}
}

@phdthesis{blanco2017,
  title={Efficient solvers for power flow equations: parametric solutions with accuracy control assessment},
  author={Blanco, Raquel García},
  year={2017},
  school={Universitat Politècnica de Catalunya (UPC)}
}
  
@article{garcia2017,
  title={Efficient solvers for power flow equations: parametric solutions with accuracy control assessment},
  author={García-Blanco, Raquel},
  year={2017},
  publisher={Universitat Politècnica de Catalunya}
}

@article{almeida1994,
  title={A general parametric optimal power flow},
  author={Almeida, KC de and Galiana, FD and Soares, S},
  journal={IEEE Transactions on Power Systems},
  volume={9},
  number={1},
  pages={540--547},
  year={1994},
  publisher={IEEE}
}

@article{berkooz1993,
  title={The proper orthogonal decomposition in the analysis of turbulent flows},
  author={Berkooz, Gal and Holmes, Philip and Lumley, John L},
  journal={Annual review of fluid mechanics},
  volume={25},
  number={1},
  pages={539--575},
  year={1993},
  publisher={Annual Reviews 4139 El Camino Way, PO Box 10139, Palo Alto, CA 94303-0139, USA}
}

@inproceedings{weiss2019,
  title={A tutorial on the proper orthogonal decomposition},
  author={Weiss, Julien},
  booktitle={AIAA Aviation 2019 Forum},
  pages={3333},
  year={2019}
}

@article{zhou2016,
  title={A novel method of polynomial approximation for parametric problems in power systems},
  author={Zhou, Yongzhi and Wu, Hao and Gu, Chenghong and Song, Yonghua},
  journal={IEEE Transactions on Power Systems},
  volume={32},
  number={4},
  pages={3298--3307},
  year={2016},
  publisher={IEEE}
}

@article{shin2016,
  title={Nonadaptive quasi-optimal points selection for least squares linear regression},
  author={Shin, Yeonjong and Xiu, Dongbin},
  journal={SIAM Journal on Scientific Computing},
  volume={38},
  number={1},
  pages={A385--A411},
  year={2016},
  publisher={SIAM}
}

@software{gridcal,
  author = {Santiago Peñate-Vera},
  title = {GridCal. 5-node grid creation script},
  url = {https://github.com/SanPen/GridCal},
  version = {4.1.0},
  date = {2021-08-22},
}

@article{boehme2007,
  title={Applying time series to power flow analysis in networks with high wind penetration},
  author={Boehme, Thomas and Wallace, A Robin and Harrison, Gareth P},
  journal={IEEE transactions on power systems},
  volume={22},
  number={3},
  pages={951--957},
  year={2007},
  publisher={IEEE}
}

@book{seifi2011,
  title={Electric power system planning: issues, algorithms and solutions},
  author={Seifi, Hossein and Sepasian, Mohammad Sadegh},
  year={2011},
  publisher={Springer Science \& Business Media}
}

@ARTICLE{song2021,
  author={Song, Jie and Cheah-Mane, Marc and Prieto-Araujo, Eduardo and Gomis-Bellmunt, Oriol},
  journal={IEEE Transactions on Smart Grid}, 
  title={Short-Circuit Analysis of AC Distribution Systems Dominated by Voltage Source Converters Considering Converter Limitations}, 
  year={2021},
  volume={},
  number={},
  pages={1-1},
  doi={10.1109/TSG.2021.3102011}
}

@inproceedings{allan1974probabilistic,
  title={Probabilistic analysis of power flows},
  author={Allan, RN and Borkowska, B and Grigg, CH},
  booktitle={Proceedings of the Institution of Electrical Engineers},
  volume={121},
  number={12},
  pages={1551--1556},
  year={1974},
  organization={IET}
}

@article{choi2016propagating,
  title={Propagating uncertainty in power-system DAE models with semidefinite programming},
  author={Choi, Hyungjin and Seiler, Peter J and Dhople, Sairaj V},
  journal={IEEE Transactions on Power Systems},
  volume={32},
  number={4},
  pages={3146--3156},
  year={2016},
  publisher={IEEE}
}

@article{trias2018helm,
  title={HELM: The holomorphic embedding load-flow method. Foundations and implementations},
  author={Trias, Antonio and others},
  journal={Foundations and Trends{\textregistered} in Electric Energy Systems},
  volume={3},
  number={3-4},
  pages={140--370},
  year={2018},
  publisher={Now Publishers, Inc.}
}

@inproceedings{shen2020principal,
  title={A Principal Component Analysis-Based Dimension Reduction Method for Parametric Power Flow},
  author={Shen, Danfeng and Wu, Hao and Xia, Bingqing and Gan, Deqiang},
  booktitle={2020 12th IEEE PES Asia-Pacific Power and Energy Engineering Conference (APPEEC)},
  pages={1--5},
  year={2020},
  organization={IEEE}
}

@article{constantine2014active,
  title={Active subspace methods in theory and practice: applications to kriging surfaces},
  author={Constantine, Paul G and Dow, Eric and Wang, Qiqi},
  journal={SIAM Journal on Scientific Computing},
  volume={36},
  number={4},
  pages={A1500--A1524},
  year={2014},
  publisher={SIAM}
}

@article{mckay2000comparison,
  title={A comparison of three methods for selecting values of input variables in the analysis of output from a computer code},
  author={McKay, Michael D and Beckman, Richard J and Conover, William J},
  journal={Technometrics},
  volume={42},
  number={1},
  pages={55--61},
  year={2000},
  publisher={Taylor \& Francis}
}

@article{zhou2019global,
  title={Global optimal polynomial approximation for parametric problems in power systems},
  author={Zhou, Yongzhi and Wu, Hao and Gu, Chenghong and Song, Yonghua},
  journal={Journal of Modern Power Systems and Clean Energy},
  volume={7},
  number={3},
  pages={500--511},
  year={2019},
  publisher={SGEPRI}
}

@article{wu2020parametric,
  title={Parametric problems in power system analysis: Recent applications of polynomial approximation based on Galerkin method},
  author={Wu, Hao and Shen, Danfeng and Xia, Bingqing and Qiu, Yiwei and Zhou, Yongzhi and Song, Yonghua},
  journal={Journal of Modern Power Systems and Clean Energy},
  volume={9},
  number={1},
  pages={1--12},
  year={2020},
  publisher={SGEPRI}
}

@article{zhou2016novel,
  title={A novel method of polynomial approximation for parametric problems in power systems},
  author={Zhou, Yongzhi and Wu, Hao and Gu, Chenghong and Song, Yonghua},
  journal={IEEE Transactions on Power Systems},
  volume={32},
  number={4},
  pages={3298--3307},
  year={2016},
  publisher={IEEE}
}

@book{trefethen2019approximation,
  title={Approximation Theory and Approximation Practice, Extended Edition},
  author={Trefethen, Lloyd N},
  year={2019},
  publisher={SIAM}
}

@inproceedings{trias2012holomorphic,
  title={The holomorphic embedding load flow method},
  author={Trias, Antonio},
  booktitle={2012 IEEE Power and Energy Society General Meeting},
  pages={1--8},
  year={2012},
  organization={IEEE}
}

@article{mccarthy1993generalized,
  title={Generalized legendre polynomials},
  author={McCarthy, PC and Sayre, JE and Shawyer, BLR},
  journal={Journal of mathematical analysis and applications},
  volume={177},
  number={2},
  pages={530--537},
  year={1993},
  publisher={Elsevier}
}
